@article{Keirstead_2013, title={Benchmarking urban energy efficiency in the UK}, volume={63}, ISSN={03014215}, url={http://linkinghub.elsevier.com/retrieve/pii/S0301421513008677}, DOI={10.1016/j.enpol.2013.08.063}, journal={Energy Policy}, author={Keirstead, James}, year={2013}, month={Dec}, pages={575â€“587}}